%YAML 1.1
%TAG !u! tag:unity3d.com,2011:
--- !u!1 &8551808771733872276
GameObject:
  m_ObjectHideFlags: 0
  m_CorrespondingSourceObject: {fileID: 0}
  m_PrefabInstance: {fileID: 0}
  m_PrefabAsset: {fileID: 0}
  serializedVersion: 6
  m_Component:
  - component: {fileID: 1765230355853493730}
  - component: {fileID: 8380621984725578665}
  - component: {fileID: 1055372701709461122}
  - component: {fileID: 8414166159430783552}
  - component: {fileID: 1189998656780693661}
  m_Layer: 6
  m_Name: DoorClosed
  m_TagString: Untagged
  m_Icon: {fileID: 0}
  m_NavMeshLayer: 0
  m_StaticEditorFlags: 0
  m_IsActive: 1
--- !u!4 &1765230355853493730
Transform:
  m_ObjectHideFlags: 0
  m_CorrespondingSourceObject: {fileID: 0}
  m_PrefabInstance: {fileID: 0}
  m_PrefabAsset: {fileID: 0}
  m_GameObject: {fileID: 8551808771733872276}
  m_LocalRotation: {x: 0, y: 0, z: 0, w: 1}
  m_LocalPosition: {x: 0, y: 0, z: 0}
  m_LocalScale: {x: 1, y: 1, z: 1}
  m_ConstrainProportionsScale: 0
  m_Children:
  - {fileID: 5741231355820459722}
  - {fileID: 4320659691088379717}
  m_Father: {fileID: 0}
  m_RootOrder: 0
  m_LocalEulerAnglesHint: {x: 0, y: 0, z: 0}
--- !u!212 &8380621984725578665
SpriteRenderer:
  m_ObjectHideFlags: 0
  m_CorrespondingSourceObject: {fileID: 0}
  m_PrefabInstance: {fileID: 0}
  m_PrefabAsset: {fileID: 0}
  m_GameObject: {fileID: 8551808771733872276}
  m_Enabled: 1
  m_CastShadows: 0
  m_ReceiveShadows: 0
  m_DynamicOccludee: 1
  m_StaticShadowCaster: 0
  m_MotionVectors: 1
  m_LightProbeUsage: 1
  m_ReflectionProbeUsage: 1
  m_RayTracingMode: 0
  m_RayTraceProcedural: 0
  m_RenderingLayerMask: 1
  m_RendererPriority: 0
  m_Materials:
  - {fileID: 2100000, guid: a97c105638bdf8b4a8650670310a4cd3, type: 2}
  m_StaticBatchInfo:
    firstSubMesh: 0
    subMeshCount: 0
  m_StaticBatchRoot: {fileID: 0}
  m_ProbeAnchor: {fileID: 0}
  m_LightProbeVolumeOverride: {fileID: 0}
  m_ScaleInLightmap: 1
  m_ReceiveGI: 1
  m_PreserveUVs: 0
  m_IgnoreNormalsForChartDetection: 0
  m_ImportantGI: 0
  m_StitchLightmapSeams: 1
  m_SelectedEditorRenderState: 0
  m_MinimumChartSize: 4
  m_AutoUVMaxDistance: 0.5
  m_AutoUVMaxAngle: 89
  m_LightmapParameters: {fileID: 0}
  m_SortingLayerID: 0
  m_SortingLayer: 0
  m_SortingOrder: 0
  m_Sprite: {fileID: 21300000, guid: 6b7dd99104acc6b4cb77f3ba56555257, type: 3}
  m_Color: {r: 1, g: 1, b: 1, a: 1}
  m_FlipX: 0
  m_FlipY: 0
  m_DrawMode: 0
  m_Size: {x: 5.12, y: 5.12}
  m_AdaptiveModeThreshold: 0.5
  m_SpriteTileMode: 0
  m_WasSpriteAssigned: 1
  m_MaskInteraction: 0
  m_SpriteSortPoint: 0
--- !u!50 &1055372701709461122
Rigidbody2D:
  serializedVersion: 4
  m_ObjectHideFlags: 0
  m_CorrespondingSourceObject: {fileID: 0}
  m_PrefabInstance: {fileID: 0}
  m_PrefabAsset: {fileID: 0}
  m_GameObject: {fileID: 8551808771733872276}
  m_BodyType: 2
  m_Simulated: 1
  m_UseFullKinematicContacts: 0
  m_UseAutoMass: 0
  m_Mass: 1
  m_LinearDrag: 0
  m_AngularDrag: 0.05
  m_GravityScale: 1
  m_Material: {fileID: 0}
  m_Interpolate: 0
  m_SleepingMode: 1
  m_CollisionDetection: 0
  m_Constraints: 0
--- !u!60 &8414166159430783552
PolygonCollider2D:
  m_ObjectHideFlags: 0
  m_CorrespondingSourceObject: {fileID: 0}
  m_PrefabInstance: {fileID: 0}
  m_PrefabAsset: {fileID: 0}
  m_GameObject: {fileID: 8551808771733872276}
  m_Enabled: 1
  m_Density: 1
  m_Material: {fileID: 0}
  m_IsTrigger: 0
  m_UsedByEffector: 0
  m_UsedByComposite: 0
  m_Offset: {x: 0, y: 0}
  m_SpriteTilingProperty:
    border: {x: 0, y: 0, z: 0, w: 0}
    pivot: {x: 0.5, y: 0.5}
    oldSize: {x: 5.12, y: 5.12}
    newSize: {x: 5.12, y: 5.12}
    adaptiveTilingThreshold: 0.5
    drawMode: 0
    adaptiveTiling: 0
  m_AutoTiling: 0
  m_Points:
    m_Paths:
    - - {x: -0.76, y: -2.12}
      - {x: -0.71, y: -2.02}
      - {x: -0.64, y: -1.99}
      - {x: -0.28, y: -1.87}
      - {x: -0.04, y: -1.77}
      - {x: 0.21, y: -1.5899999}
      - {x: 0.32999998, y: -1.5699999}
      - {x: 0.48, y: -1.52}
      - {x: 0.69, y: -1.4}
      - {x: 0.79999995, y: -1.42}
      - {x: 0.77, y: -1.5699999}
      - {x: 0.77, y: -1.65}
      - {x: 0.79999995, y: -1.73}
      - {x: 0.87, y: -1.79}
      - {x: 0.93, y: -1.79}
      - {x: 1.04, y: -1.7099999}
      - {x: 1.09, y: -1.61}
      - {x: 1.09, y: -1.3299999}
      - {x: 1.0799999, y: -1.26}
      - {x: 1.05, y: -1.16}
      - {x: 1.13, y: -1.03}
      - {x: 1.23, y: -0.81}
      - {x: 1.26, y: -0.7}
      - {x: 1.26, y: -0.48999998}
      - {x: 1.29, y: -0.39}
      - {x: 1.26, y: -0.48999998}
      - {x: 1.28, y: -0.63}
      - {x: 1.4, y: -0.96}
      - {x: 1.23, y: -1.18}
      - {x: 1.18, y: -1.25}
      - {x: 1.18, y: -1.4}
      - {x: 1.25, y: -1.8199999}
      - {x: 1.3299999, y: -1.87}
      - {x: 1.4699999, y: -1.88}
      - {x: 1.88, y: -1.65}
      - {x: 2.18, y: -1.49}
      - {x: 2.23, y: -1.4699999}
      - {x: 2.36, y: -1.3199999}
      - {x: 2.36, y: -0.7}
      - {x: 2.4099998, y: -0.51}
      - {x: 2.44, y: -0.37}
      - {x: 2.44, y: -0.31}
      - {x: 2.37, y: -0.17}
      - {x: 2.46, y: 0.14999999}
      - {x: 2.52, y: 0.44}
      - {x: 2.55, y: 0.62}
      - {x: 2.55, y: 1.15}
      - {x: 2.53, y: 1.2099999}
      - {x: 2.46, y: 1.4599999}
      - {x: 2.3999999, y: 1.5999999}
      - {x: 2.34, y: 1.8399999}
      - {x: 2.35, y: 1.92}
      - {x: 2.36, y: 2.06}
      - {x: 2.08, y: 2.32}
      - {x: 1.93, y: 2.45}
      - {x: 1.92, y: 2.46}
      - {x: 1.87, y: 2.46}
      - {x: 1.67, y: 2.34}
      - {x: 1.3199999, y: 2.08}
      - {x: 1.18, y: 1.93}
      - {x: 1.12, y: 1.8399999}
      - {x: 1.09, y: 1.64}
      - {x: 1.02, y: 1.31}
      - {x: 0.82, y: 0.79999995}
      - {x: 0.72999996, y: 0.97999996}
      - {x: 0.63, y: 1.15}
      - {x: 0.58, y: 1.2099999}
      - {x: 0.41, y: 1.38}
      - {x: 0.35, y: 1.43}
      - {x: 0.34, y: 1.4599999}
      - {x: 0.53, y: 1.6899999}
      - {x: 0.81, y: 1.73}
      - {x: 0.95, y: 1.77}
      - {x: 1.02, y: 1.86}
      - {x: 1.02, y: 1.9399999}
      - {x: 0.95, y: 2.04}
      - {x: 0.88, y: 2.07}
      - {x: 0.71, y: 2.08}
      - {x: 0.51, y: 2.02}
      - {x: 0.39, y: 1.9399999}
      - {x: 0.29999998, y: 1.87}
      - {x: 0.21, y: 1.76}
      - {x: 0.11, y: 1.62}
      - {x: 0.04, y: 1.5799999}
      - {x: -0.11, y: 1.64}
      - {x: -0.56, y: 1.64}
      - {x: -0.64, y: 1.6999999}
      - {x: -0.75, y: 1.87}
      - {x: -0.65999997, y: 1.9599999}
      - {x: -0.61, y: 2.04}
      - {x: -0.59999996, y: 2.1599998}
      - {x: -0.65999997, y: 2.24}
      - {x: -0.71999997, y: 2.26}
      - {x: -0.79999995, y: 2.26}
      - {x: -0.9, y: 2.21}
      - {x: -1.01, y: 2.07}
      - {x: -1.02, y: 2}
      - {x: -1.02, y: 1.8399999}
      - {x: -1, y: 1.77}
      - {x: -0.95, y: 1.66}
      - {x: -0.84999996, y: 1.55}
      - {x: -0.78, y: 1.49}
      - {x: -0.63, y: 1.43}
      - {x: -0.32, y: 1.42}
      - {x: -0.03, y: 1.37}
      - {x: 0, y: 1.3399999}
      - {x: -0.04, y: 1.27}
      - {x: -0.08, y: 1.05}
      - {x: -0.089999996, y: 0.96999997}
      - {x: -0.099999994, y: 0.74}
      - {x: -0.17, y: 0.75}
      - {x: -0.35, y: 0.75}
      - {x: -0.47, y: 0.95}
      - {x: -0.65, y: 1.12}
      - {x: -0.78999996, y: 1.18}
      - {x: -0.96999997, y: 1.24}
      - {x: -1.18, y: 1.25}
      - {x: -1.27, y: 1.27}
      - {x: -1.23, y: 1.35}
      - {x: -1.14, y: 1.5699999}
      - {x: -1.14, y: 1.61}
      - {x: -1.15, y: 1.63}
      - {x: -1.3299999, y: 1.64}
      - {x: -1.3299999, y: 1.63}
      - {x: -1.37, y: 1.63}
      - {x: -1.35, y: 1.63}
      - {x: -1.3, y: 1.6899999}
      - {x: -1.0699999, y: 1.92}
      - {x: -1.06, y: 2.01}
      - {x: -1.11, y: 2.06}
      - {x: -1.67, y: 2.3899999}
      - {x: -2.01, y: 2.11}
      - {x: -2.3, y: 1.8299999}
      - {x: -2.29, y: 1.7199999}
      - {x: -2.25, y: 1.4599999}
      - {x: -2.19, y: 1.16}
      - {x: -2.21, y: 1.15}
      - {x: -2.26, y: 1.0699999}
      - {x: -2.32, y: 0.96}
      - {x: -2.53, y: 0.29}
      - {x: -2.54, y: 0.22}
      - {x: -2.54, y: -0.7}
      - {x: -2.53, y: -1.0799999}
      - {x: -2.52, y: -1.13}
      - {x: -2.5, y: -1.1999999}
      - {x: -2.4299998, y: -1.38}
      - {x: -2.3899999, y: -1.5699999}
      - {x: -2.27, y: -1.91}
      - {x: -2.25, y: -1.9699999}
      - {x: -2.21, y: -2.01}
      - {x: -2.11, y: -2.06}
      - {x: -1.56, y: -2.26}
      - {x: -1.51, y: -2.26}
      - {x: -1.38, y: -2.1299999}
      - {x: -1.3399999, y: -1.9499999}
      - {x: -1.28, y: -1.89}
      - {x: -1.12, y: -1.76}
      - {x: -1.04, y: -1.68}
      - {x: -1.05, y: -1.64}
      - {x: -1.0699999, y: -1.5899999}
      - {x: -1.18, y: -1.39}
      - {x: -1.09, y: -1.2099999}
      - {x: -1, y: -0.94}
      - {x: -0.97999996, y: -0.71}
      - {x: -0.95, y: -0.59}
      - {x: -0.87, y: -0.56}
      - {x: -0.76, y: -0.52}
      - {x: -0.61, y: -0.58}
      - {x: -0.41, y: -0.65}
      - {x: -0.24, y: -0.64}
      - {x: -0.07, y: -0.53999996}
      - {x: -0.14999999, y: -0.74}
      - {x: -0.19999999, y: -0.78}
      - {x: -0.29999998, y: -0.79999995}
      - {x: -0.42, y: -0.9}
      - {x: -0.45999998, y: -1.03}
      - {x: -0.45999998, y: -1.09}
      - {x: -0.65999997, y: -1.15}
      - {x: -0.77, y: -1.05}
      - {x: -0.84, y: -1.01}
      - {x: -0.90999997, y: -1}
      - {x: -0.96, y: -1.02}
      - {x: -1.05, y: -1.11}
      - {x: -1.06, y: -1.27}
      - {x: -0.96999997, y: -1.4}
      - {x: -0.93, y: -1.43}
      - {x: -0.83, y: -1.4599999}
      - {x: -0.71, y: -1.4499999}
      - {x: -0.65, y: -1.4399999}
      - {x: -0.61, y: -1.43}
      - {x: -0.48999998, y: -1.38}
      - {x: -0.41, y: -1.3299999}
      - {x: -0.37, y: -1.41}
      - {x: -0.28, y: -1.5}
      - {x: -0.21, y: -1.54}
      - {x: -0.24, y: -1.56}
      - {x: -0.35999998, y: -1.5999999}
      - {x: -0.53, y: -1.64}
      - {x: -0.69, y: -1.7099999}
      - {x: -0.81, y: -1.76}
      - {x: -0.94, y: -1.8199999}
      - {x: -1.05, y: -1.9}
      - {x: -1.17, y: -2.09}
      - {x: -1.1999999, y: -2.27}
      - {x: -1.11, y: -2.3899999}
      - {x: -1.06, y: -2.4099998}
      - {x: -0.91999996, y: -2.4099998}
      - {x: -0.87, y: -2.37}
      - {x: -0.78999996, y: -2.28}
      - {x: -0.77, y: -2.1699998}
    - - {x: -0.16, y: -1.3}
      - {x: -0.19999999, y: -1.26}
      - {x: -0.21, y: -1.26}
      - {x: -0.17999999, y: -1.26}
      - {x: -0.13, y: -1.22}
      - {x: -0.11, y: -1.22}
      - {x: -0.06, y: -1.17}
      - {x: -0.06, y: -1.16}
      - {x: -0.01, y: -1.11}
      - {x: 0.01, y: -1.03}
      - {x: 0.04, y: -1.05}
      - {x: 0.08, y: -1.0799999}
      - {x: 0.099999994, y: -1.11}
      - {x: 0.099999994, y: -1.14}
      - {x: 0.11, y: -1.15}
      - {x: 0.11, y: -1.22}
      - {x: 0.099999994, y: -1.23}
      - {x: 0.11, y: -1.3}
      - {x: 0.099999994, y: -1.31}
      - {x: 0.08, y: -1.31}
      - {x: 0.07, y: -1.3199999}
      - {x: -0.089999996, y: -1.3199999}
      - {x: -0.099999994, y: -1.31}
    - - {x: 0.35999998, y: -1.1999999}
      - {x: 0.35, y: -1.1899999}
      - {x: 0.34, y: -1.14}
      - {x: 0.29999998, y: -1.05}
      - {x: 0.28, y: -1.03}
      - {x: 0.26999998, y: -1}
      - {x: 0.25, y: -0.97999996}
      - {x: 0.22999999, y: -0.94}
      - {x: 0.13, y: -0.84999996}
      - {x: 0.12, y: -0.84999996}
      - {x: 0.099999994, y: -0.82}
      - {x: 0.07, y: -0.82}
      - {x: 0.08, y: -0.81}
      - {x: 0.08, y: -0.74}
      - {x: 0.089999996, y: -0.72999996}
      - {x: 0.11, y: -0.65999997}
      - {x: 0.14, y: -0.64}
      - {x: 0.16, y: -0.59999996}
      - {x: 0.17, y: -0.59}
      - {x: 0.21, y: -0.59}
      - {x: 0.22, y: -0.59999996}
      - {x: 0.34, y: -0.61}
      - {x: 0.35, y: -0.62}
      - {x: 0.41, y: -0.62}
      - {x: 0.42, y: -0.63}
      - {x: 0.45999998, y: -0.63}
      - {x: 0.47, y: -0.64}
      - {x: 0.55, y: -0.65}
      - {x: 0.61, y: -0.68}
      - {x: 0.63, y: -0.68}
      - {x: 0.65, y: -0.7}
      - {x: 0.65999997, y: -0.7}
      - {x: 0.69, y: -0.74}
      - {x: 0.71, y: -0.77}
      - {x: 0.71999997, y: -0.82}
      - {x: 0.72999996, y: -0.83}
      - {x: 0.72999996, y: -0.85999995}
      - {x: 0.74, y: -0.87}
      - {x: 0.74, y: -0.9}
      - {x: 0.75, y: -0.90999997}
      - {x: 0.75, y: -1}
      - {x: 0.76, y: -1.01}
      - {x: 0.76, y: -1.03}
      - {x: 0.77, y: -1.04}
      - {x: 0.77, y: -1.0799999}
      - {x: 0.78, y: -1.09}
      - {x: 0.75, y: -1.09}
      - {x: 0.72999996, y: -1.11}
      - {x: 0.68, y: -1.13}
      - {x: 0.65999997, y: -1.15}
      - {x: 0.61, y: -1.18}
      - {x: 0.59, y: -1.18}
      - {x: 0.56, y: -1.1999999}
      - {x: 0.53999996, y: -1.1999999}
      - {x: 0.53, y: -1.2099999}
      - {x: 0.51, y: -1.2099999}
      - {x: 0.5, y: -1.22}
      - {x: 0.48, y: -1.22}
      - {x: 0.47, y: -1.23}
      - {x: 0.45, y: -1.23}
      - {x: 0.44, y: -1.24}
      - {x: 0.42, y: -1.24}
      - {x: 0.41, y: -1.25}
      - {x: 0.39, y: -1.25}
      - {x: 0.35999998, y: -1.27}
    - - {x: 0.98999995, y: -0.75}
      - {x: 0.97999996, y: -0.71999997}
      - {x: 0.96, y: -0.69}
      - {x: 0.95, y: -0.65}
      - {x: 0.93, y: -0.62}
      - {x: 0.81, y: -0.5}
      - {x: 0.79999995, y: -0.5}
      - {x: 0.76, y: -0.45999998}
      - {x: 0.71, y: -0.44}
      - {x: 0.69, y: -0.44}
      - {x: 0.65999997, y: -0.42}
      - {x: 0.58, y: -0.41}
      - {x: 0.57, y: -0.39999998}
      - {x: 0.39, y: -0.39}
      - {x: 0.38, y: -0.38}
      - {x: 0.32, y: -0.38}
      - {x: 0.35999998, y: -0.35}
      - {x: 0.39, y: -0.29}
      - {x: 0.42, y: -0.25}
      - {x: 0.42, y: -0.24}
      - {x: 0.53, y: -0.25}
      - {x: 0.59999996, y: -0.28}
      - {x: 0.63, y: -0.28}
      - {x: 0.64, y: -0.29}
      - {x: 0.71, y: -0.29}
      - {x: 0.71999997, y: -0.28}
      - {x: 0.77, y: -0.26999998}
      - {x: 0.79999995, y: -0.25}
      - {x: 0.84999996, y: -0.21}
      - {x: 0.88, y: -0.14}
      - {x: 0.88, y: -0.099999994}
      - {x: 0.87, y: -0.07}
      - {x: 0.84999996, y: -0.02}
      - {x: 0.77, y: 0.06}
      - {x: 0.69, y: 0.08}
      - {x: 0.69, y: 0.07}
      - {x: 0.71, y: 0.089999996}
      - {x: 0.71999997, y: 0.089999996}
      - {x: 0.78, y: 0.13}
      - {x: 0.82, y: 0.16}
      - {x: 0.84, y: 0.16}
      - {x: 0.88, y: 0.17999999}
      - {x: 0.90999997, y: 0.17999999}
      - {x: 0.95, y: 0.19999999}
      - {x: 0.97999996, y: 0.19999999}
      - {x: 0.98999995, y: 0.21}
      - {x: 1.04, y: 0.22}
      - {x: 1.1, y: 0.13}
      - {x: 1.11, y: 0.08}
      - {x: 1.13, y: 0.049999997}
      - {x: 1.14, y: 0}
      - {x: 1.16, y: -0.03}
      - {x: 1.16, y: -0.049999997}
      - {x: 1.1899999, y: -0.11}
      - {x: 1.0799999, y: -0.22}
      - {x: 1.0799999, y: -0.22999999}
      - {x: 1.05, y: -0.25}
      - {x: 1.04, y: -0.28}
      - {x: 1.02, y: -0.31}
      - {x: 1.02, y: -0.32999998}
      - {x: 0.98999995, y: -0.38}
      - {x: 0.97999996, y: -0.41}
      - {x: 0.97999996, y: -0.45}
      - {x: 0.96999997, y: -0.45999998}
      - {x: 0.96999997, y: -0.61}
      - {x: 0.97999996, y: -0.62}
      - {x: 0.97999996, y: -0.66999996}
      - {x: 0.98999995, y: -0.68}
      - {x: 0.98999995, y: -0.82}
      - {x: 1, y: -0.82}
    - - {x: -0.51, y: -0.32}
      - {x: -0.55, y: -0.29}
      - {x: -0.62, y: -0.26}
      - {x: -0.61, y: -0.21}
      - {x: -0.59999996, y: -0.14}
      - {x: -0.59, y: -0.049999997}
      - {x: -0.59, y: 0.04}
      - {x: -0.58, y: 0.049999997}
      - {x: -0.56, y: 0.19}
      - {x: -0.53999996, y: 0.29}
      - {x: -0.48999998, y: 0.38}
      - {x: -0.48, y: 0.39999998}
      - {x: -0.47, y: 0.32999998}
      - {x: -0.45999998, y: 0.29}
      - {x: -0.45, y: 0.22999999}
      - {x: -0.44, y: 0.22}
      - {x: -0.42999998, y: 0.11}
      - {x: -0.39999998, y: -0.04}
      - {x: -0.38, y: -0.11}
      - {x: -0.37, y: -0.14}
      - {x: -0.35, y: -0.19}
      - {x: -0.32, y: -0.26}
      - {x: -0.29999998, y: -0.28}
      - {x: -0.26, y: -0.32999998}
      - {x: -0.44, y: -0.34}
      - {x: -0.45, y: -0.32999998}
    - - {x: 0.12, y: -0.24}
      - {x: 0.13, y: -0.21}
      - {x: 0.14999999, y: -0.13}
      - {x: 0.16, y: -0.12}
      - {x: 0.17, y: -0.08}
      - {x: 0.17999999, y: -0.03}
      - {x: 0.17, y: 0.089999996}
      - {x: 0.16, y: 0.07}
      - {x: 0.19, y: 0}
      - {x: 0.22999999, y: -0.049999997}
      - {x: 0.19999999, y: -0.07}
      - {x: 0.14999999, y: -0.16}
      - {x: 0.089999996, y: -0.28}
      - {x: 0.099999994, y: -0.28}
    - - {x: -0.08, y: -0.049999997}
      - {x: -0.089999996, y: -0.04}
      - {x: -0.089999996, y: -0.02}
      - {x: -0.11, y: 0.02}
      - {x: -0.11, y: 0.049999997}
      - {x: -0.13, y: 0.089999996}
      - {x: -0.13, y: 0.12}
      - {x: -0.14999999, y: 0.16}
      - {x: -0.14999999, y: 0.19}
      - {x: -0.16, y: 0.19999999}
      - {x: -0.16, y: 0.22999999}
      - {x: -0.17, y: 0.24}
      - {x: -0.17, y: 0.28}
      - {x: -0.17999999, y: 0.29}
      - {x: -0.19, y: 0.37}
      - {x: -0.19999999, y: 0.38}
      - {x: -0.22, y: 0.45999998}
      - {x: -0.25, y: 0.51}
      - {x: -0.22999999, y: 0.48999998}
      - {x: -0.17, y: 0.48999998}
      - {x: -0.16, y: 0.48}
      - {x: -0.13, y: 0.48}
      - {x: -0.12, y: 0.47}
      - {x: -0.089999996, y: 0.47}
      - {x: -0.089999996, y: 0.45}
      - {x: -0.08, y: 0.44}
      - {x: -0.08, y: 0.35}
      - {x: -0.07, y: 0.34}
      - {x: -0.07, y: 0.01}
      - {x: -0.08, y: 0}
      - {x: -0.08, y: -0.07}
    - - {x: -0.9, y: 0.03}
      - {x: -0.90999997, y: 0.089999996}
      - {x: -0.90999997, y: 0.17999999}
      - {x: -0.9, y: 0.19}
      - {x: -0.9, y: 0.35}
      - {x: -0.89, y: 0.35999998}
      - {x: -0.89, y: 0.53999996}
      - {x: -0.87, y: 0.55}
      - {x: -0.83, y: 0.58}
      - {x: -0.78, y: 0.63}
      - {x: -0.78, y: 0.64}
      - {x: -0.83, y: 0.71999997}
      - {x: -0.88, y: 0.77}
      - {x: -0.94, y: 0.78999996}
      - {x: -0.9, y: 0.87}
      - {x: -0.88, y: 0.93}
      - {x: -0.83, y: 0.90999997}
      - {x: -0.81, y: 0.90999997}
      - {x: -0.74, y: 0.87}
      - {x: -0.69, y: 0.82}
      - {x: -0.64, y: 0.74}
      - {x: -0.63, y: 0.68}
      - {x: -0.62, y: 0.65999997}
      - {x: -0.59, y: 0.63}
      - {x: -0.7, y: 0.52}
      - {x: -0.74, y: 0.47}
      - {x: -0.78, y: 0.38}
      - {x: -0.79999995, y: 0.32999998}
      - {x: -0.82, y: 0.26}
      - {x: -0.83, y: 0.21}
      - {x: -0.84, y: 0.14999999}
      - {x: -0.84, y: 0.07}
      - {x: -0.84999996, y: 0.06}
      - {x: -0.84999996, y: -0.03}
      - {x: -0.85999995, y: -0.04}
      - {x: -0.84999996, y: -0.07}
      - {x: -0.84, y: -0.06}
    - - {x: 0.37, y: 0.25}
      - {x: 0.37, y: 0.26999998}
      - {x: 0.35, y: 0.29999998}
      - {x: 0.32999998, y: 0.38}
      - {x: 0.31, y: 0.42999998}
      - {x: 0.28, y: 0.5}
      - {x: 0.16, y: 0.62}
      - {x: 0.16, y: 1.02}
      - {x: 0.17, y: 1.03}
      - {x: 0.17999999, y: 1.0799999}
      - {x: 0.22, y: 1.1999999}
      - {x: 0.22, y: 1.22}
      - {x: 0.31, y: 1.11}
      - {x: 0.35, y: 1.03}
      - {x: 0.38, y: 0.97999996}
      - {x: 0.44, y: 0.9}
      - {x: 0.45, y: 0.87}
      - {x: 0.48, y: 0.82}
      - {x: 0.52, y: 0.76}
      - {x: 0.61, y: 0.66999996}
      - {x: 0.66999996, y: 0.62}
      - {x: 0.74, y: 0.59}
      - {x: 0.81, y: 0.57}
      - {x: 0.88, y: 0.57}
      - {x: 0.87, y: 0.55}
      - {x: 0.85999995, y: 0.48}
      - {x: 0.89, y: 0.42999998}
      - {x: 0.82, y: 0.41}
      - {x: 0.7, y: 0.37}
      - {x: 0.65, y: 0.35}
      - {x: 0.56, y: 0.31}
      - {x: 0.45999998, y: 0.25}
      - {x: 0.41, y: 0.19}
--- !u!114 &1189998656780693661
MonoBehaviour:
  m_ObjectHideFlags: 0
  m_CorrespondingSourceObject: {fileID: 0}
  m_PrefabInstance: {fileID: 0}
  m_PrefabAsset: {fileID: 0}
  m_GameObject: {fileID: 8551808771733872276}
  m_Enabled: 0
  m_EditorHideFlags: 0
  m_Script: {fileID: 11500000, guid: 7db70e0ea77f5ac47a8f4565a9406397, type: 3}
  m_Name: 
  m_EditorClassIdentifier: 
  m_ShadowGroup: 0
  m_ComponentVersion: 1
  m_HasRenderer: 1
  m_UseRendererSilhouette: 1
  m_CastsShadows: 1
  m_SelfShadows: 0
  m_ApplyToSortingLayers: cf02218400000000edc968dc9fa502a1b16b22bc
  m_ShapePath:
  - {x: -1.3326159, y: 1.2201564, z: 0}
  - {x: -0.070035934, y: 0.68871164, z: 0}
  - {x: 0.048425674, y: 1.3686299, z: 0}
  - {x: -0.15178871, y: 1.4485307, z: 0}
  - {x: -0.55899525, y: 1.4688911, z: 0}
  - {x: -0.647223, y: 1.4824646, z: 0}
  - {x: -0.7829585, y: 1.5503323, z: 0}
  - {x: -0.89833355, y: 1.6589208, z: 0}
  - {x: -0.9729881, y: 1.8014431, z: 0}
  - {x: -1.0001354, y: 1.9303918, z: 0}
  - {x: -0.9662013, y: 2.0593405, z: 0}
  - {x: -0.8847604, y: 2.1611419, z: 0}
  - {x: -0.79005, y: 2.2252846, z: 0}
  - {x: -0.7134676, y: 2.224806, z: 0}
  - {x: -0.6494951, y: 2.1737478, z: 0}
  - {x: -0.6448097, y: 2.0894148, z: 0}
  - {x: -0.7010317, y: 1.9816561, z: 0}
  - {x: -0.7759948, y: 1.8785822, z: 0}
  - {x: -0.78536654, y: 1.8317308, z: 0}
  - {x: -0.7010331, y: 1.7052314, z: 0}
  - {x: -0.5979595, y: 1.6068428, z: 0}
  - {x: -0.5042596, y: 1.5927873, z: 0}
  - {x: -0.3402791, y: 1.6021576, z: 0}
  - {x: -0.1997242, y: 1.6021576, z: 0}
  - {x: -0.035743237, y: 1.5693614, z: 0}
  - {x: 0.10401106, y: 1.5070276, z: 0}
  - {x: 0.15166235, y: 1.6208982, z: 0}
  - {x: 0.2406807, y: 1.7520828, z: 0}
  - {x: 0.33438396, y: 1.8551567, z: 0}
  - {x: 0.50304985, y: 1.9629154, z: 0}
  - {x: 0.6998272, y: 2.037878, z: 0}
  - {x: 0.8438635, y: 2.038458, z: 0}
  - {x: 0.93408537, y: 1.9957116, z: 0}
  - {x: 0.9715667, y: 1.9488599, z: 0}
  - {x: 0.9856224, y: 1.8832676, z: 0}
  - {x: 0.96219635, y: 1.8317308, z: 0}
  - {x: 0.9106593, y: 1.7989347, z: 0}
  - {x: 0.8310118, y: 1.780194, z: 0}
  - {x: 0.66234446, y: 1.7708237, z: 0}
  - {x: 0.4983635, y: 1.7099166, z: 0}
  - {x: 0.2703476, y: 1.4312541, z: 0}
  - {x: 0.33438015, y: 1.3960106, z: 0}
  - {x: 0.4515071, y: 1.2976222, z: 0}
  - {x: 0.563951, y: 1.185178, z: 0}
  - {x: 0.66234064, y: 1.0118272, z: 0}
  - {x: 0.751359, y: 0.8150501, z: 0}
  - {x: 0.84506226, y: 0.7400875, z: 0}
  - {x: 0.9514799, y: 0.73651314, z: 0}
  - {x: 1.1397614, y: 1.8229787, z: 0}
  - {x: 1.3446174, y: 2.047195, z: 0}
  - {x: 1.7674159, y: -0.3149084, z: 0}
  - {x: 1.3039873, y: -0.5101571, z: 0}
  - {x: 1.3777516, y: -0.34049845, z: 0}
  - {x: 1.340877, y: -0.2741108, z: 0}
  - {x: 1.2081008, y: -0.44376898, z: 0}
  - {x: 1.2154775, y: -0.7462034, z: 0}
  - {x: 1.1048303, y: -0.9896264, z: 0}
  - {x: 0.98680735, y: -1.1371555, z: 0}
  - {x: 1.0328975, y: -1.2628083, z: 0}
  - {x: 1.0440865, y: -1.5760937, z: 0}
  - {x: 0.9321985, y: -1.7215481, z: 0}
  - {x: 0.85387754, y: -1.7215481, z: 0}
  - {x: 0.8091221, y: -1.6096601, z: 0}
  - {x: 0.8315029, y: -1.2516217, z: 0}
  - {x: 0.4510846, y: -1.4642081, z: 0}
  - {x: 0.17136526, y: -1.5425296, z: 0}
  - {x: -0.10835457, y: -1.7439275, z: 0}
  - {x: -0.7509723, y: -1.9976807, z: 0}
  - {x: -0.78198767, y: -2.0690293, z: 0}
  - {x: -0.8071079, y: -2.1910405, z: 0}
  - {x: -0.860744, y: -2.300828, z: 0}
  - {x: -0.9291191, y: -2.359703, z: 0}
  - {x: -1.0146446, y: -2.3704991, z: 0}
  - {x: -1.0870156, y: -2.3453488, z: 0}
  - {x: -1.13486, y: -2.2797651, z: 0}
  - {x: -1.1384487, y: -2.145051, z: 0}
  - {x: -1.0727983, y: -2.0135741, z: 0}
  - {x: -1.0080667, y: -1.9218979, z: 0}
  - {x: -0.91620064, y: -1.8605647, z: 0}
  - {x: -0.520432, y: -1.6896839, z: 0}
  - {x: -0.18145561, y: -1.6027665, z: 0}
  - {x: -0.045358658, y: -1.543253, z: 0}
  - {x: -0.25098944, y: -1.4636993, z: 0}
  - {x: -0.39099503, y: -1.2806506, z: 0}
  - {x: -0.58127403, y: -1.3680906, z: 0}
  - {x: -0.76379967, y: -1.4028578, z: 0}
  - {x: -0.90525913, y: -1.3681846, z: 0}
  - {x: -1.0180893, y: -1.2585907, z: 0}
  - {x: -1.0180893, y: -1.1272898, z: 0}
  - {x: -0.92138386, y: -1.0307608, z: 0}
  - {x: -0.8413172, y: -1.0444889, z: 0}
  - {x: -0.77919483, y: -1.0864406, z: 0}
  - {x: -0.71519613, y: -1.1548119, z: 0}
  - {x: -0.6445308, y: -1.1918387, z: 0}
  - {x: -0.5941391, y: -1.1787739, z: 0}
  - {x: -0.43106365, y: -1.109663, z: 0}
  - {x: -0.43111038, y: -1.0379729, z: 0}
  - {x: -0.40952444, y: -0.96242094, z: 0}
  - {x: -0.35196114, y: -0.88686943, z: 0}
  - {x: -0.28360462, y: -0.84009933, z: 0}
  - {x: -0.11679125, y: -0.80626106, z: 0}
  - {x: -0.118109226, y: -0.735764, z: 0}
  - {x: -0.035362244, y: -0.5342922, z: 0}
  - {x: 0.007610321, y: -0.49139977, z: 0}
  - {x: -0.06054592, y: -0.45514297, z: 0}
  - {x: -0.1399517, y: -0.53503466, z: 0}
  - {x: -0.2791443, y: -0.6059952, z: 0}
  - {x: -0.42652464, y: -0.60326624, z: 0}
  - {x: -0.5984683, y: -0.54595137, z: 0}
  - {x: -0.78216314, y: -0.46702385, z: 0}
  - {x: -0.8522897, y: -0.51866055, z: 0}
  - {x: -0.9450846, y: -0.55687046, z: 0}
  - {x: -1.0239196, y: -0.56389904, z: 0}
  - {x: -1.5475311, y: -0.25664777, z: 0}
  m_ShapePathHash: -1144509492
  m_Mesh: {fileID: 0}
  m_InstanceId: 74382
--- !u!1001 &3487208662137134593
PrefabInstance:
  m_ObjectHideFlags: 0
  serializedVersion: 2
  m_Modification:
    m_TransformParent: {fileID: 1765230355853493730}
    m_Modifications:
    - target: {fileID: 1231881634613822397, guid: 52af45f6a515d0f4bbb5cba3911f01f3, type: 3}
      propertyPath: m_Name
      value: DoorOpenLeft
      objectReference: {fileID: 0}
    - target: {fileID: 8589803116250181044, guid: 52af45f6a515d0f4bbb5cba3911f01f3, type: 3}
      propertyPath: m_Mesh
      value: 
      objectReference: {fileID: 0}
    - target: {fileID: 8589803116250181044, guid: 52af45f6a515d0f4bbb5cba3911f01f3, type: 3}
      propertyPath: m_InstanceId
      value: -393916
      objectReference: {fileID: 0}
    - target: {fileID: 9208170956501686475, guid: 52af45f6a515d0f4bbb5cba3911f01f3, type: 3}
      propertyPath: m_RootOrder
      value: 0
      objectReference: {fileID: 0}
    - target: {fileID: 9208170956501686475, guid: 52af45f6a515d0f4bbb5cba3911f01f3, type: 3}
      propertyPath: m_LocalPosition.x
      value: -1.28
      objectReference: {fileID: 0}
    - target: {fileID: 9208170956501686475, guid: 52af45f6a515d0f4bbb5cba3911f01f3, type: 3}
      propertyPath: m_LocalPosition.y
      value: 0
      objectReference: {fileID: 0}
    - target: {fileID: 9208170956501686475, guid: 52af45f6a515d0f4bbb5cba3911f01f3, type: 3}
      propertyPath: m_LocalPosition.z
      value: 0
      objectReference: {fileID: 0}
    - target: {fileID: 9208170956501686475, guid: 52af45f6a515d0f4bbb5cba3911f01f3, type: 3}
      propertyPath: m_LocalRotation.w
      value: 1
      objectReference: {fileID: 0}
    - target: {fileID: 9208170956501686475, guid: 52af45f6a515d0f4bbb5cba3911f01f3, type: 3}
      propertyPath: m_LocalRotation.x
      value: 0
      objectReference: {fileID: 0}
    - target: {fileID: 9208170956501686475, guid: 52af45f6a515d0f4bbb5cba3911f01f3, type: 3}
      propertyPath: m_LocalRotation.y
      value: 0
      objectReference: {fileID: 0}
    - target: {fileID: 9208170956501686475, guid: 52af45f6a515d0f4bbb5cba3911f01f3, type: 3}
      propertyPath: m_LocalRotation.z
      value: 0
      objectReference: {fileID: 0}
    - target: {fileID: 9208170956501686475, guid: 52af45f6a515d0f4bbb5cba3911f01f3, type: 3}
      propertyPath: m_LocalEulerAnglesHint.x
      value: 0
      objectReference: {fileID: 0}
    - target: {fileID: 9208170956501686475, guid: 52af45f6a515d0f4bbb5cba3911f01f3, type: 3}
      propertyPath: m_LocalEulerAnglesHint.y
      value: 0
      objectReference: {fileID: 0}
    - target: {fileID: 9208170956501686475, guid: 52af45f6a515d0f4bbb5cba3911f01f3, type: 3}
      propertyPath: m_LocalEulerAnglesHint.z
      value: 0
      objectReference: {fileID: 0}
    m_RemovedComponents: []
  m_SourcePrefab: {fileID: 100100000, guid: 52af45f6a515d0f4bbb5cba3911f01f3, type: 3}
--- !u!4 &5741231355820459722 stripped
Transform:
  m_CorrespondingSourceObject: {fileID: 9208170956501686475, guid: 52af45f6a515d0f4bbb5cba3911f01f3, type: 3}
  m_PrefabInstance: {fileID: 3487208662137134593}
  m_PrefabAsset: {fileID: 0}
--- !u!1001 &8607421238147798221
PrefabInstance:
  m_ObjectHideFlags: 0
  serializedVersion: 2
  m_Modification:
    m_TransformParent: {fileID: 1765230355853493730}
    m_Modifications:
    - target: {fileID: 2473846705405964542, guid: 03f3a57acb031bf45b75463923860244, type: 3}
      propertyPath: m_Name
      value: DoorOpenRight
      objectReference: {fileID: 0}
    - target: {fileID: 4934053779111714551, guid: 03f3a57acb031bf45b75463923860244, type: 3}
      propertyPath: m_Mesh
      value: 
      objectReference: {fileID: 0}
    - target: {fileID: 4934053779111714551, guid: 03f3a57acb031bf45b75463923860244, type: 3}
      propertyPath: m_InstanceId
      value: -393926
      objectReference: {fileID: 0}
    - target: {fileID: 5513994858216827784, guid: 03f3a57acb031bf45b75463923860244, type: 3}
      propertyPath: m_RootOrder
      value: 1
      objectReference: {fileID: 0}
    - target: {fileID: 5513994858216827784, guid: 03f3a57acb031bf45b75463923860244, type: 3}
      propertyPath: m_LocalPosition.x
      value: 1.28
      objectReference: {fileID: 0}
    - target: {fileID: 5513994858216827784, guid: 03f3a57acb031bf45b75463923860244, type: 3}
      propertyPath: m_LocalPosition.y
      value: 0
      objectReference: {fileID: 0}
    - target: {fileID: 5513994858216827784, guid: 03f3a57acb031bf45b75463923860244, type: 3}
      propertyPath: m_LocalPosition.z
      value: 0
      objectReference: {fileID: 0}
    - target: {fileID: 5513994858216827784, guid: 03f3a57acb031bf45b75463923860244, type: 3}
      propertyPath: m_LocalRotation.w
      value: 1
      objectReference: {fileID: 0}
    - target: {fileID: 5513994858216827784, guid: 03f3a57acb031bf45b75463923860244, type: 3}
      propertyPath: m_LocalRotation.x
      value: 0
      objectReference: {fileID: 0}
    - target: {fileID: 5513994858216827784, guid: 03f3a57acb031bf45b75463923860244, type: 3}
      propertyPath: m_LocalRotation.y
      value: 0
      objectReference: {fileID: 0}
    - target: {fileID: 5513994858216827784, guid: 03f3a57acb031bf45b75463923860244, type: 3}
      propertyPath: m_LocalRotation.z
      value: 0
      objectReference: {fileID: 0}
    - target: {fileID: 5513994858216827784, guid: 03f3a57acb031bf45b75463923860244, type: 3}
      propertyPath: m_LocalEulerAnglesHint.x
      value: 0
      objectReference: {fileID: 0}
    - target: {fileID: 5513994858216827784, guid: 03f3a57acb031bf45b75463923860244, type: 3}
      propertyPath: m_LocalEulerAnglesHint.y
      value: 0
      objectReference: {fileID: 0}
    - target: {fileID: 5513994858216827784, guid: 03f3a57acb031bf45b75463923860244, type: 3}
      propertyPath: m_LocalEulerAnglesHint.z
      value: 0
      objectReference: {fileID: 0}
    m_RemovedComponents: []
  m_SourcePrefab: {fileID: 100100000, guid: 03f3a57acb031bf45b75463923860244, type: 3}
--- !u!4 &4320659691088379717 stripped
Transform:
  m_CorrespondingSourceObject: {fileID: 5513994858216827784, guid: 03f3a57acb031bf45b75463923860244, type: 3}
  m_PrefabInstance: {fileID: 8607421238147798221}
  m_PrefabAsset: {fileID: 0}
