%YAML 1.1
%TAG !u! tag:unity3d.com,2011:
--- !u!1 &63629974814242245
GameObject:
  m_ObjectHideFlags: 0
  m_CorrespondingSourceObject: {fileID: 0}
  m_PrefabInstance: {fileID: 0}
  m_PrefabAsset: {fileID: 0}
  serializedVersion: 6
  m_Component:
  - component: {fileID: 2608394604753099286}
  - component: {fileID: 8147694099653324699}
  - component: {fileID: 3531242942612806649}
  - component: {fileID: 6428155984680257254}
  - component: {fileID: 3907749108476129848}
  m_Layer: 6
  m_Name: Shipwreck
  m_TagString: Untagged
  m_Icon: {fileID: 0}
  m_NavMeshLayer: 0
  m_StaticEditorFlags: 0
  m_IsActive: 1
--- !u!4 &2608394604753099286
Transform:
  m_ObjectHideFlags: 0
  m_CorrespondingSourceObject: {fileID: 0}
  m_PrefabInstance: {fileID: 0}
  m_PrefabAsset: {fileID: 0}
  m_GameObject: {fileID: 63629974814242245}
  m_LocalRotation: {x: 0, y: 0, z: 0, w: 1}
  m_LocalPosition: {x: 0, y: 0, z: 0}
  m_LocalScale: {x: 1, y: 1, z: 1}
  m_ConstrainProportionsScale: 0
  m_Children: []
  m_Father: {fileID: 0}
  m_RootOrder: 0
  m_LocalEulerAnglesHint: {x: 0, y: 0, z: 0}
--- !u!212 &8147694099653324699
SpriteRenderer:
  m_ObjectHideFlags: 0
  m_CorrespondingSourceObject: {fileID: 0}
  m_PrefabInstance: {fileID: 0}
  m_PrefabAsset: {fileID: 0}
  m_GameObject: {fileID: 63629974814242245}
  m_Enabled: 1
  m_CastShadows: 0
  m_ReceiveShadows: 0
  m_DynamicOccludee: 1
  m_StaticShadowCaster: 0
  m_MotionVectors: 1
  m_LightProbeUsage: 1
  m_ReflectionProbeUsage: 1
  m_RayTracingMode: 0
  m_RayTraceProcedural: 0
  m_RenderingLayerMask: 1
  m_RendererPriority: 0
  m_Materials:
  - {fileID: 2100000, guid: a97c105638bdf8b4a8650670310a4cd3, type: 2}
  m_StaticBatchInfo:
    firstSubMesh: 0
    subMeshCount: 0
  m_StaticBatchRoot: {fileID: 0}
  m_ProbeAnchor: {fileID: 0}
  m_LightProbeVolumeOverride: {fileID: 0}
  m_ScaleInLightmap: 1
  m_ReceiveGI: 1
  m_PreserveUVs: 0
  m_IgnoreNormalsForChartDetection: 0
  m_ImportantGI: 0
  m_StitchLightmapSeams: 1
  m_SelectedEditorRenderState: 0
  m_MinimumChartSize: 4
  m_AutoUVMaxDistance: 0.5
  m_AutoUVMaxAngle: 89
  m_LightmapParameters: {fileID: 0}
  m_SortingLayerID: 0
  m_SortingLayer: 0
  m_SortingOrder: 0
  m_Sprite: {fileID: 21300000, guid: b3f568a09616b45498a382b5bfa98639, type: 3}
  m_Color: {r: 1, g: 1, b: 1, a: 1}
  m_FlipX: 0
  m_FlipY: 0
  m_DrawMode: 0
  m_Size: {x: 5.12, y: 5.12}
  m_AdaptiveModeThreshold: 0.5
  m_SpriteTileMode: 0
  m_WasSpriteAssigned: 1
  m_MaskInteraction: 0
  m_SpriteSortPoint: 0
--- !u!50 &3531242942612806649
Rigidbody2D:
  serializedVersion: 4
  m_ObjectHideFlags: 0
  m_CorrespondingSourceObject: {fileID: 0}
  m_PrefabInstance: {fileID: 0}
  m_PrefabAsset: {fileID: 0}
  m_GameObject: {fileID: 63629974814242245}
  m_BodyType: 2
  m_Simulated: 1
  m_UseFullKinematicContacts: 0
  m_UseAutoMass: 0
  m_Mass: 1
  m_LinearDrag: 0
  m_AngularDrag: 0.05
  m_GravityScale: 1
  m_Material: {fileID: 0}
  m_Interpolate: 0
  m_SleepingMode: 1
  m_CollisionDetection: 0
  m_Constraints: 0
--- !u!60 &6428155984680257254
PolygonCollider2D:
  m_ObjectHideFlags: 0
  m_CorrespondingSourceObject: {fileID: 0}
  m_PrefabInstance: {fileID: 0}
  m_PrefabAsset: {fileID: 0}
  m_GameObject: {fileID: 63629974814242245}
  m_Enabled: 1
  m_Density: 1
  m_Material: {fileID: 0}
  m_IsTrigger: 0
  m_UsedByEffector: 0
  m_UsedByComposite: 0
  m_Offset: {x: 0, y: 0}
  m_SpriteTilingProperty:
    border: {x: 0, y: 0, z: 0, w: 0}
    pivot: {x: 0.5, y: 0.5}
    oldSize: {x: 5.12, y: 5.12}
    newSize: {x: 5.12, y: 5.12}
    adaptiveTilingThreshold: 0.5
    drawMode: 0
    adaptiveTiling: 0
  m_AutoTiling: 0
  m_Points:
    m_Paths:
    - - {x: -0.049999997, y: -1.49}
      - {x: 0.22999999, y: -1.24}
      - {x: 0.38, y: -1.09}
      - {x: 0.37, y: -1.0699999}
      - {x: 0.75632495, y: -0.70290625}
      - {x: 1.3, y: -0.14}
      - {x: 1.49, y: 0.11}
      - {x: 1.61, y: 0.29}
      - {x: 1.77, y: 0.52}
      - {x: 1.93, y: 0.77}
      - {x: 2.05, y: 0.98999995}
      - {x: 2.1699998, y: 1.23}
      - {x: 2.1699998, y: 1.27}
      - {x: 2.24, y: 1.4699999}
      - {x: 2.29, y: 1.56}
      - {x: 2.35, y: 1.8199999}
      - {x: 2.37, y: 2.09}
      - {x: 2.37, y: 2.25}
      - {x: 2.34, y: 2.29}
      - {x: 2.26, y: 2.29}
      - {x: 2.2, y: 2.28}
      - {x: 1.99, y: 2.24}
      - {x: 1.8399999, y: 2.23}
      - {x: 1.77, y: 2.09}
      - {x: 1.77, y: 2.01}
      - {x: 1.64, y: 1.91}
      - {x: 1.5799999, y: 1.93}
      - {x: 1.36, y: 1.91}
      - {x: 1.28, y: 1.87}
      - {x: 1.24, y: 1.9499999}
      - {x: 1.14, y: 1.9799999}
      - {x: 0.66999996, y: 1.75}
      - {x: 0.41, y: 1.5799999}
      - {x: 0.08, y: 1.3399999}
      - {x: -0.07, y: 1.3199999}
      - {x: -0.11124267, y: 1.245932}
      - {x: -0.31, y: 0.97999996}
      - {x: -0.78999996, y: 0.52}
      - {x: -0.93, y: 0.39}
      - {x: -1.14, y: 0.22999999}
      - {x: -1.31, y: 0.06}
      - {x: -1.37, y: -0.03}
      - {x: -1.54, y: -0.19999999}
      - {x: -1.8299999, y: -0.35}
      - {x: -1.9, y: -0.34}
      - {x: -2.07, y: -0.39}
      - {x: -2.1399999, y: -0.48}
      - {x: -2.19, y: -0.48999998}
      - {x: -2.26, y: -0.57}
      - {x: -2.27, y: -0.66999996}
      - {x: -2.34, y: -0.72999996}
      - {x: -2.3899999, y: -0.78999996}
      - {x: -2.3899999, y: -0.85999995}
      - {x: -2.3799999, y: -0.91999996}
      - {x: -2.33, y: -1}
      - {x: -2.24, y: -1.18}
      - {x: -2.1599998, y: -1.31}
      - {x: -2.08, y: -1.4499999}
      - {x: -1.99, y: -1.65}
      - {x: -1.9799999, y: -1.75}
      - {x: -2.09, y: -1.74}
      - {x: -2.1699998, y: -1.8199999}
      - {x: -2.24, y: -1.8499999}
      - {x: -2.29, y: -1.91}
      - {x: -2.27, y: -2.02}
      - {x: -2.2, y: -2.07}
      - {x: -2.1499999, y: -2.08}
      - {x: -2.1499999, y: -2.18}
      - {x: -2.12, y: -2.24}
      - {x: -1.9799999, y: -2.26}
      - {x: -1.8199999, y: -2.07}
      - {x: -1.8399999, y: -1.9499999}
      - {x: -1.79, y: -1.99}
      - {x: -1.5999999, y: -2.04}
      - {x: -1.52, y: -2.11}
      - {x: -1.31, y: -2.25}
      - {x: -1.01, y: -2.3999999}
      - {x: -0.96999997, y: -2.3999999}
      - {x: -0.69, y: -2.1299999}
      - {x: -0.38, y: -1.8199999}
      - {x: -0.06, y: -1.49}
--- !u!114 &3907749108476129848
MonoBehaviour:
  m_ObjectHideFlags: 0
  m_CorrespondingSourceObject: {fileID: 0}
  m_PrefabInstance: {fileID: 0}
  m_PrefabAsset: {fileID: 0}
  m_GameObject: {fileID: 63629974814242245}
  m_Enabled: 1
  m_EditorHideFlags: 0
  m_Script: {fileID: 11500000, guid: 7db70e0ea77f5ac47a8f4565a9406397, type: 3}
  m_Name: 
  m_EditorClassIdentifier: 
  m_ShadowGroup: 0
  m_ComponentVersion: 1
  m_HasRenderer: 1
  m_UseRendererSilhouette: 1
  m_CastsShadows: 1
  m_SelfShadows: 0
  m_ApplyToSortingLayers: cf02218400000000edc968dc9fa502a1b16b22bc
  m_ShapePath:
  - {x: -2.300525, y: -0.9795618, z: 0}
  - {x: -1.4722657, y: -0.18951376, z: 0}
  - {x: -1.1741401, y: 0.14587702, z: 0}
  - {x: -0.950546, y: 0.3322053, z: 0}
  - {x: -0.25181434, y: 0.99367046, z: 0}
  - {x: 0.30717096, y: 1.4688072, z: 0}
  - {x: 0.7636754, y: 1.7669325, z: 0}
  - {x: 1.1733174, y: 1.9409376, z: 0}
  - {x: 1.2670836, y: 1.8412865, z: 0}
  - {x: 1.6415234, y: 1.8769475, z: 0}
  - {x: 1.8019974, y: 1.9928455, z: 0}
  - {x: 1.8554889, y: 2.1800652, z: 0}
  - {x: 2.3120413, y: 2.26542, z: 0}
  - {x: 2.3458245, y: 2.206812, z: 0}
  - {x: 2.319079, y: 1.8056265, z: 0}
  - {x: 2.1318574, y: 1.2350513, z: 0}
  - {x: 1.8670123, y: 0.73398584, z: 0}
  - {x: 1.2581624, y: -0.14680949, z: 0}
  - {x: -0.9782946, y: -2.3948207, z: 0}
  - {x: -1.3798826, y: -2.1648152, z: 0}
  - {x: -1.604153, y: -1.9847412, z: 0}
  - {x: -1.7933322, y: -1.9610938, z: 0}
  - {x: -1.9470403, y: -1.760091, z: 0}
  - {x: -1.970687, y: -1.5827358, z: 0}
  m_ShapePathHash: 1758798652
  m_Mesh: {fileID: 0}
  m_InstanceId: -319104
